
%% This document is created by HAL (R) version 2.0
%% BibTeX version


%%
%% Starting a new document type !!!
%% Book review
%%


%% artxibo-00080509, version 2
%% http://artxiker.ccsd.cnrs.fr/artxibo-00080509/en/
%% artxibo-00080517, version 2
%% http://artxiker.ccsd.cnrs.fr/artxibo-00080517/en/
%%
%% Starting a new document type !!!
%% Proceedings with reading panel
%%


%% artxibo-00000094, version 2
%% http://artxiker.ccsd.cnrs.fr/artxibo-00000094/en/
@inproceedings{AGIRRE:2006:ARTXIBO-00000094:2,
title={A Preliminary Study for Building the Basque PropBank },
author={Agirre, Eneko and Aldezabal, Izaskun and Etxeberria, Jone and Pociello, Eli},
language={English },
affiliation={IXA taldea - Lengoaia eta sistema - Euskal Herriko Unibertsitatea (Donostia) },
journal={Proceedings of the 5th International Conference on Language Resources and Evaluations (LREC) },
year={2006},
URL={http://artxiker.ccsd.cnrs.fr/artxibo-00000094/en/},
}

%% artxibo-00080356, version 1
%% http://artxiker.ccsd.cnrs.fr/artxibo-00080356/en/
@inproceedings{ARCOCHASCARCIA:2006:ARTXIBO-00080356:1,
title={Th\'{e}matique maritime et variations transtextuelles sur le motif de la temp\^{e}te en mer dans les lettres basques des XVI - XVIIIe si\`{e}cles },
author={Arcocha-Scarcia, Aur\'{e}lie},
language={French },
affiliation={Universit\'{e} Michel de Montaigne - Bordeaux 3 },
publisher={Centre de recherche sur la langue et les textes basques, IKER - UMR 5478 (CNRS, Bordeaux 3 & UPPA) },
pages={7-35 },
journal={Lapurdum Revue d'\'{e}tudes basques - 2002 },
number={VII },
note={Revised and updated version in June 2006Version revue et corrig\'{e}e en juin 2006 },
year={2006},
URL={http://artxiker.ccsd.cnrs.fr/artxibo-00080356/en/},
}

%% artxibo-00069681, version 1
%% http://artxiker.ccsd.cnrs.fr/artxibo-00069681/en/
@inproceedings{COYOS:2006:ARTXIBO-00069681:1,
title={Les langues basque et gasconne \`{a} Bayonne en ce d\'{e}but de XXIe si\`{e}cle },
author={Coyos, Jean-Baptiste},
language={French },
affiliation={Centre de recherche sur la langue et les textes basques [IKER] },
publisher={Facult\'{e} pluridisciplinaire de Biarritz-Anglet-Bayonne (France) },
journal={Bayonne, Carrefour de Langues et de Cultures 15-16 mai 2006 },
year={2006},
URL={http://artxiker.ccsd.cnrs.fr/artxibo-00069681/en/},
}

%% artxibo-00000090, version 1
%% http://artxiker.ccsd.cnrs.fr/artxibo-00000090/en/
@inproceedings{COYOS:2006:ARTXIBO-00000090:1,
title={Dynamique de la transitivit\'{e} en basque souletin : \'{e}conomie interne, contacts de langue et / ou nouvelle conception de l'agent ? },
author={Coyos, Jean-Baptiste},
language={French },
affiliation={Centre de recherche sur la langue et les textes basques [IKER] },
publisher={Ecole Pratiques des Hautes Etudes - Paris },
journal={International symposium : Bilingual knowledge and translation - A challenge for the cultural identity of Europe ; Paris 30-31 mars 2006 },
year={2006},
URL={http://artxiker.ccsd.cnrs.fr/artxibo-00000090/en/},
}

%% artxibo-00000045, version 2
%% http://artxiker.ccsd.cnrs.fr/artxibo-00000045/en/
@inproceedings{CASENAVE:2005:ARTXIBO-00000045:2,
title={"Eskualduna" astekariaren gizaldi gaztea (1877-1888) },
author={Casenave, Jean -Jon},
language={Basque },
affiliation={Universit\'{e} Michel de Montaigne - Bordeaux 3 },
publisher={Utriusque Vasconiae },
journal={Belaunaldi literarioak },
year={2005},
URL={http://artxiker.ccsd.cnrs.fr/artxibo-00000045/en/},
}
